% ---------------
% BOOKS
% ---------------
@book{RussellNorvig200912,
    title={Artificial Intelligence: A Modern Approach (3rd Edition)},
    author={Russell, Stuart and Norvig, Peter},
    publisher={Pearson},
    year={2009},
}

@book{Rojas:1996:NNS:235222,
 title={Neural Networks: A Systematic Introduction},
 author={Rojas, Ra\'{u}l},
 publisher={Springer-Verlag New York, Inc.},
 year={1996},
} 

@book{IntroEvolComputing,
	title={Introduction to Evolutionary Computing},
	author={A. E. Eiben, J.E Smith},
	publisher={Springer-Verlag Berlin Heidelberg},
	year={2015},
}

@book{HandbookNeuroevolution,
   title={Handbook of Neuroevolution through Erlang},
   author={Gene I. Sher},
   publisher={Springer-Verlag New York},
   year={2013},
}

@book{Rabin:2013:GAP:2566761,
    title={Game AI Pro: Collected Wisdom of Game AI Professionals},
    author={Rabin, Steven},
    publisher={A. K. Peters, Ltd.},
    year={2013},
}

@book{Millington:2009:AIG:1795711,
    title={Artificial Intelligence for Games, Second Edition},
    author={Millington, Ian and Funge, John},
    publisher={Morgan Kaufmann Publishers Inc.},
    year={2009},
}

@book{Rabin:2015:GAP:2821138,
    title={Game AI Pro 2: Collected Wisdom of Game AI Professionals},
    author={Rabin, Steven},
    publisher={A. K. Peters, Ltd.},
    year={2015},
} 

@book{SpelunkyDerekYu,
	title={Spelunky by Derek Yu},
	author={Yu, Derek},
	publisher={Boss Fight Books},
	year={2016},
}

% ---------------
% IN PROCEEDINGS
% ---------------
% http://www.fdg2015.org/proceedings.html
@inproceedings{SPELUNKYHARD,
	author={Thompson, Tommy},
	title={``With Fate Guiding My Every Move'': The Challenge of Spelunky},
    booktitle={Proceedings of the 10th International Conference on the Foundations of Digital Games},
	year={2015}
}

@inproceedings{SPELUNKBOTSPAPER,
	author={Thompson, Tommy and Scales, Daniel},
    title={SpelunkBots API: An AI Toolset for Spelunky},
	booktitle={IEEE Conference on Computational Intelligence and Games (CIG)},
	year={2014}
}

@inproceedings{FEARPLANNING,
	author={Jeff Orkins},
	title={Three States and a Plan: The AI of {F}.{E}.{A}.{R}},
    booktitle={Proceedings of the Game Developer's Conference (GDC)},
	year={2006}
}

http://dl.acm.org/citation.cfm?id=1875638
@inproceedings{computational_complexity_platformers,
	author = {Fori\v{s}ek, Michal},
	title = {Computational Complexity of Two-dimensional Platform Games},
	booktitle = {Proceedings of the 5th International Conference on Fun with Algorithms},
	year = {2010}
} 

% ---------------
% ARTICLES
% ---------------
@article{PanoramaAIGames,
	author={Yannakakis, Georgios N and Togelius, Julian},
	title={A Panorama of Artificial and Computational Intelligence in Games},
	journal={IEEE Transactions on Computational Intelligence and AI in Games},
	year={2014},
	volume={7}
}

@article{GameAiCompetition,
    author={Togelius, Julian},
    title={How to run a successful game-based AI competition},
    journal={IEEE Transactions on Computational Intelligence and AI in Games},
    year={2014},
    volume={8}
}

@article{DBLP:journals/corr/RisiT14,
	author={Risi, Sebastian and Togelius, Julian},
	title={Neuroevolution in Games: State of the Art and Open Challenges},
	journal={CoRR},
	year={2014},
	volume={abs/1410.7326},
}

@article{Halo2AI,
	author={Isla, Damian},
	title={Handling Complexity in the Halo 2 AI},
	journal={Game Developers Conferece (GDC)},
	year={2005},
	volume={},
}

@article{DBLP:journals/corr/MnihKSGAWR13,
    author={Volodymyr Mnih and
        Koray Kavukcuoglu and
        David Silver and
        Alex Graves and
        Ioannis Antonoglou and
        Daan Wierstra and
        Martin A. Riedmiller},
    title={Playing Atari with Deep Reinforcement Learning},
    journal={CoRR},
    year={2013},
    volume={abs/1312.5602}
}

@article{NeuroEvolutionAtari,
	author={Matthew Hausknecht and Joel Lehman and Risto Miikkulainen and Peter
	Stone},
	title={A Neuroevolution Approach to General Atari Game Playing},
	journal={IEEE Transactions on Computational Intelligence and AI in Games},
	year={2014},
	volume={6},
}
@article{stanley:ec02,
    author={Kenneth O. Stanley and Risto Miikkulainen},
    title={Evolving Neural Networks Through Augmenting Topologies},
    journal={Evolutionary Computation},
    year={2002},
    volume={10}
}

https://arxiv.org/abs/1203.1895v3
@article{classic_nintendo_games_hard,
	author    = {Greg Aloupis and
			   Erik D. Demaine and
			   Alan Guo},
	title     = {Classic Nintendo Games are (Computationally) Hard},
	journal   = {CoRR},
	year      = {2012},
	volume    = {abs/1203.1895}
}

https://arxiv.org/abs/cs/0106019
@article{playing_games_algorithms,
	author    = {Erik D. Demaine},
	title     = {Playing Games with Algorithms: Algorithmic Combinatorial Game Theory},
	journal   = {CoRR},
	year      = {2001},
	volume    = {cs.CC/0106019}
}
