% ---------------
% BOOKS
% ---------------
@book{RussellNorvig200912,
    title={Artificial Intelligence: A Modern Approach (3rd Edition)},
    author={Russell, Stuart and Norvig, Peter},
    publisher={Pearson},
    year={2009},
}

@book{Rabin:2013:GAP:2566761,
    title={Game AI Pro: Collected Wisdom of Game AI Professionals},
    author={Rabin, Steven},
    publisher={A. K. Peters, Ltd.},
    year={2013},
}

@book{Millington:2009:AIG:1795711,
    title={Artificial Intelligence for Games, Second Edition},
    author={Millington, Ian and Funge, John},
    publisher={Morgan Kaufmann Publishers Inc.},
    year={2009},
}

@book{Rabin:2015:GAP:2821138,
    title={Game AI Pro 2: Collected Wisdom of Game AI Professionals},
    author={Rabin, Steven},
    publisher={A. K. Peters, Ltd.},
    year={2015},
} 

@book{SpelunkyDerekYu,
	title={Spelunky by Derek Yu},
	author={Yu, Derek},
	publisher={Boss Fight Books},
	year={2016},
}

% ---------------
% IN PROCEEDINGS
% ---------------
% http://www.fdg2015.org/proceedings.html
@inproceedings{SPELUNKYHARD,
	author={Thompson, Tommy},
	title={``With Fate Guiding My Every Move'': The Challenge of Spelunky},
    booktitle={Proceedings of the 10th International Conference on the Foundations of Digital Games},
	year={2015}
}

@inproceedings{SPELUNKBOTSPAPER,
	author={Thompson, Tommy and Scales, Daniel},
    title={SpelunkBots API: An AI Toolset for Spelunky},
	booktitle={IEEE Conference on Computational Intelligence and Games (CIG)},
	year={2014}
}

@inproceedings{FEARPLANNING,
	author={Jeff Orkins},
	title={Three States and a Plan: The AI of {F}.{E}.{A}.{R}},
    booktitle={Proceedings of the Game Developer's Conference (GDC)},
	year={2006}
}

% ---------------
% ARTICLES
% ---------------
@article{PanoramaAIGames,
	author={Yannakakis, Georgios N and Togelius, Julian},
	title={A Panorama of Artificial and Computational Intelligence in Games},
	journal={IEEE Transactions on Computational Intelligence and AI in Games},
	year={2014},
	volume={7}
}

@article{GameAiCompetition,
    author={Togelius, Julian},
    title={How to run a successful game-based AI competition},
    journal={IEEE Transactions on Computational Intelligence and AI in Games},
    year={2014},
    volume={8}
}

@article{DBLP:journals/corr/RisiT14,
	author={Risi, Sebastian and Togelius, Julian},
	title={Neuroevolution in Games: State of the Art and Open Challenges},
	journal={CoRR},
	year={2014},
	volume={abs/1410.7326},
}

@article{Halo2AI,
	author={Isla, Damian},
	title={Handling Complexity in the Halo 2 AI},
	journal={Game Developers Conferece (GDC)},
	year={2005},
	volume={},
}

@article{DBLP:journals/corr/MnihKSGAWR13,
    author={Volodymyr Mnih and
        Koray Kavukcuoglu and
        David Silver and
        Alex Graves and
        Ioannis Antonoglou and
        Daan Wierstra and
        Martin A. Riedmiller},
    title={Playing Atari with Deep Reinforcement Learning},
    journal={CoRR},
    year={2013},
    volume={abs/1312.5602}
}

@article{stanley:ec02,
    author={Kenneth O. Stanley and Risto Miikkulainen},
    title={Evolving Neural Networks Through Augmenting Topologies},
    journal={Evolutionary Computation},
    year={2002},
    volume={10}
}
